\begin{thebibliography}{widest-label}
\bibitem[label]{cite_key}

@book{sokolowski2011principles,
	title={Principles of modeling and simulation: A multidisciplinary approach},
	author={Sokolowski, John A and Banks, Catherine M},
	year={2011},
	publisher={John Wiley \& Sons}
}
@inproceedings{namekawa2005general,
	title={General purpose road traffic simulation system with a cell automaton model},
	author={Namekawa, M and Ueda, F and Hioki, Y and Ueda, Y and Satoh, A},
	booktitle={International Congress on Modelling and Simulation (MODSIM05), Melbourne, Australia},
	year={2005}
}

@inproceedings{sewall2010continuum,
	title={Continuum traffic simulation},
	author={Sewall, Jason and Wilkie, David and Merrell, Paul and Lin, Ming C},
	booktitle={Computer Graphics Forum},
	volume={29},
	number={2},
	pages={439--448},
	year={2010},
	organization={Wiley Online Library}
}


@book{bass2007software,
	title={Software architecture in practice},
	author={Bass, Len},
	year={2007},
	publisher={Pearson Education India}
}

\end{thebibliography}