\begin{thebibliography}{widest-label}
\bibitem[label]{cite_key}

@book{sokolowski2011principles,
	title={Principles of modeling and simulation: A multidisciplinary approach},
	author={Sokolowski, John A and Banks, Catherine M},
	year={2011},
	publisher={John Wiley \& Sons}
}
@inproceedings{namekawa2005general,
	title={General purpose road traffic simulation system with a cell automaton model},
	author={Namekawa, M and Ueda, F and Hioki, Y and Ueda, Y and Satoh, A},
	booktitle={International Congress on Modelling and Simulation (MODSIM05), Melbourne, Australia},
	year={2005}
}

@inproceedings{sewall2010continuum,
	title={Continuum traffic simulation},
	author={Sewall, Jason and Wilkie, David and Merrell, Paul and Lin, Ming C},
	Booktitle={Computer Graphics Forum},
	Volume={29/2},
	Pages={439--448},
	year={2010},
	organization={Wiley Online Library}
}


@book{bass2007software,
	title={Software architecture in practice},
	author={Bass, Len},
	year={2007},
	publisher={Pearson Education India}
}
@article{burghout2005hybrid,
	title={Hybrid mesoscopic-microscopic traffic simulation},
	author={Burghout, Wilco and Koutsopoulos, Haris N and Andreasson, Ingmar},
	journal={Transportation Research Record: Journal of the Transportation Research Board},
	volume={1934},
	number={1},
	pages={218--255},
	year={2005},
	publisher={Trans Res Board}
}

@inproceedings{ehlert2001microscopic,
	title={Microscopic traffic simulation with reactive driving agents},
	author={Ehlert, Partich AM and Rothkrantz, Leon JM},
	booktitle={Intelligent Transportation Systems, 2001. Proceedings. 2001 IEEE},
	pages={860--865},
	year={2001},
	organization={IEEE}
}
@inproceedings{nuseibeh2000requirements,
	title={Requirements engineering: a roadmap},
	author={Nuseibeh, Bashar and Easterbrook, Steve},
	booktitle={Proceedings of the Conference on the Future of Software Engineering},
	pages={35--46},
	year={2000},
	organization={ACM}
}
@book{bass2007software,
	title={Software architecture in practice},
	author={Bass, Len},
	year={2007},
	publisher={Pearson Education India}
}
@online{NCTA,
	ALTauthor = {NCTA},
	ALTeditor = {editor},
	title = {How Google Tracks Traffic},
	date = {03-07-13},
	url = {https://www.ncta.com/platform/broadband-internet/how-google-tracks-traffic/},
	year = {2013},
	author = {NCTA},
	OPTsubtitle = {subtitle},
	OPTtitleaddon = {titleaddon},
	OPTlanguage = {language},
	OPTversion = {version},
	OPTnote = {note},
	OPTorganization = {organization},
	OPTdate = {date},
	OPTmonth = {month},
	OPTyear = {2015},
	OPTaddendum = {addendum},
	OPTpubstate = {pubstate},
	OPTurldate = {14-03-15},
}
@online{Nielsen,
	author = {Nielsen, Jokob},
	title = {10 Usability Heuristics for User Interface Design},
	date = {01-01-95},
	url = {http://www.nngroup.com/articles/ten-usability-heuristics/},
	year = {1995},
}

\end{thebibliography}
